@INBOOK {cholesky,
    author  = "Duc Nguyen",
    maintitle   = "Cholesky and LDLt Decomposition",
    chapter = "04.11",
    year    = "2010",
    month   = 7
}
@article{heat,
    author = {AndeliÄ‡, Milica and da Fonseca, Carlos},
    year = {2011},
    month = {03},
    pages = {},
    title = {Sufficient conditions for positive definiteness of tridiagonal matrices revisited},
    volume = {15},
    journal = {Positivity},
    doi = {10.1007/s11117-010-0047-y}
}
@misc {begot,
    author = "Vivien Begot",
    title  = "A possible solution to the spurious oscillations in finite difference methods for partial differential equations",
    month  = 8,
    year   = "2012",
    howpublished    = "\url{https://www.lexifi.com/quant/possible-solution-spurious-oscillations-finite-difference-methods-partial-differential-equations/}",
    note = {Acessado em 13 de Maio de 2020.}
}
@Article{osterby,
    author={{\O}sterby, Ole},
    title={Five Ways of Reducing the Crank--Nicolson Oscillations},
    journal={BIT Numerical Mathematics},
    year={2003},
    month=11,
    day={01},
    volume={43},
    number={4},
    pages={811-822},
    issn={1572-9125},
    doi={10.1023/B:BITN.0000009942.00540.94}
}
@MISC{leVeque,
    author = {Randall J. LeVeque},
    title = {Finite difference methods for differential equations},
    year = {2006}
}